@techreport{rescorla2018transport,
  title={The transport layer security (TLS) protocol version 1.3},
  author={Rescorla, Eric},
  year={2018}
}

@misc{langley2015rfc,
  title={RFC 7685: A Transport Layer Security (TLS) ClientHello Padding Extension},
  author={Langley, A},
  year={2015},
  publisher={RFC Editor}
}

@techreport{ietf-tls-esni-16,
    number =    {draft-ietf-tls-esni-16},
    type =      {Internet-Draft},
    institution =   {Internet Engineering Task Force},
    publisher = {Internet Engineering Task Force},
    note =      {Work in Progress},
    url =       {https://datatracker.ietf.org/doc/draft-ietf-tls-esni/16/},
        author =    {Eric Rescorla and Kazuho Oku and Nick Sullivan and Christopher A. Wood},
    title =     {{TLS Encrypted Client Hello}},
    pagetotal = 48,
    year =      2023,
    month =     apr,
    day =       6,
    abstract =  {This document describes a mechanism in Transport Layer Security (TLS) for encrypting a ClientHello message under a server public key. Discussion Venues This note is to be removed before publishing as an RFC. Source for this draft and an issue tracker can be found at https://github.com/tlswg/draft-ietf-tls-esni (https://github.com/tlswg/draft-ietf-tls-esni).},
}
