@book{wangbing1997dianzi,
  author    = {汪冰},
  year      = {1997},
  title     = {电子图书馆理论与实践研究},
  address   = {北京},
  publisher = {北京图书馆出版社},
  pages     = {16},
  key       = {wang1 bing1},
}

@article{yangzongying1996dianzi,
  author    = {杨宗英},
  year      = {1996},
  title     = {电子图书馆的现实模型},
  journal   = {中国图书馆学报},
  number    = {2},
  pages     = {24--29},
  key       = {yang2 zong1 ying1},
}

@book{baker1995future,
  author    = {Baker, S K and Jackson, M E},
  title     = {The Future of Resource Sharing},
  address   = {New York},
  publisher = {The Haworth Press},
  year      = {1995},
}

@book{crane1972invisible,
  author    = {Crane, Diana},
  year      = {1972},
  title     = {Invisible College},
  address   = {Chicago},
  publisher = {Univ. of Chicago Press},
}

@article{jha2004effect,
  author    = {Jha, Manoj and Gassman, Philip W. and Secchi, Silvia and Gu, Roy and Arnold, Jeff},
  year      = {2004},
  title     = {Effect of Watershed Subdivision on {SWAT} Flow, Sediment, and Nutrient Predictions},
  journal   = {Journal of the American Water Resources Association},
  volume    = {40},
  number    = {3},
  pages     = {811--825},
}

@article{kennedy1975chalks,
  author    = {Kennedy, W L and Garrison, R E},
  year      = {1975},
  title     = {Morphology and Genesis of Nodular Chalks and Hardgrounds in the {Upper Cretaceous of southern England}},
  journal   = {Sedimentology},
  volume    = {22},
  pages     = {311},
}

@article{stieg1981information,
  author    = {Stieg, Margaret F},
  date      = {1981},
  title     = {The Information Needs of Historians},
  journal   = {College and Research Libraries},
  volume    = {42},
  number    = {6},
  pages     = {549--560},
}
