@article{borthen2010we,
  title={On how we interpret plural pronouns},
  author={Borthen, Kaja},
  journal={Journal of Pragmatics},
  volume={42},
  number={7},
  pages={1799--1815},
  year={2010},
  publisher={Elsevier}
}

@article{chen2011less,
  title={Less well-behaved pronouns: Singular they in English and plural ta ‘it/he/she’ in Chinese},
  author={Chen, Jing and Wu, Yicheng},
  journal={Journal of pragmatics},
  volume={43},
  number={1},
  pages={407--410},
  year={2011},
  publisher={Elsevier}
}

@article{harwood2005nowhere,
  title={“Nowhere has anyone attempted… In this article I aim to do just that”: A corpus-based study of self-promotional I and we in academic writing across four disciplines},
  author={Harwood, Nigel},
  journal={Journal of Pragmatics},
  volume={37},
  number={8},
  pages={1207--1231},
  year={2005},
  publisher={Elsevier}
}

@article{housley2010we,
  title={“We” are familiar but “It” is not: Ingroup pronouns trigger feelings of familiarity},
  author={Housley, Meghan K and Claypool, Heather M and Garcia-Marques, Teresa and Mackie, Diane M},
  journal={Journal of Experimental Social Psychology},
  volume={46},
  number={1},
  pages={114--119},
  year={2010},
  publisher={Elsevier}
}

@article{kuo1999use,
  title={The use of personal pronouns: Role relationships in scientific journal articles},
  author={Kuo, Chih-Hua},
  journal={English for specific purposes},
  volume={18},
  number={2},
  pages={121--138},
  year={1999},
  publisher={Elsevier}
}

@book{liu2005dangdai,
  title={当代翻译理论},
  author={刘宓庆},
  year={2005},
  address={北京},
  publisher={中国对外翻译出版公司},
}

@article{wang2010hanyu,
  title={汉语文学翻译中人称代词的显化和变异},
  author={王克非 and 胡显要},
  year={2010},
  journal={中国外语},
  volume={7},
  number={4},
  pages={16--21},
}
