@book{boethius1918theological,
  title={The Theological Tractates; The Consolation of Philosophy},
  author={Boethius},
  translator={Stewart, Hugh Fraser},
  year={1918},
  address={London},
  publisher={William Heinemann},
}

@book{chaucer1999canterbury,
  title={The Canterbury Tales},
  author={Chaucer, Geoffrey},
  year={1999},
  address={London},
  publisher={Penguin Publishers},
}

@book{damrosch1999longman,
  title={The Longman Anthology of {British} Literature},
  editor={Damrosch, David},
  year={1999},
  address={New York},
  publisher={Longman},
}

@book{greenblatt1997norton,
  title={The Norton Shakespeare, Based on the Oxford Edition: Romances and Poems},
  editor={Greenblatt, Stephen},
  year={1997},
  address={New York},
  publisher={W. W. Norton \& Company},
}

@article{hieatt1978function,
  title={Function of Structure in The Winter's Tale},
  author={Hieatt, Charles W},
  journal={The Yearbook of English Studies},
  volume={8},
  pages={238--248},
  year={1978},
}

@book{lovejoy1964great,
  title={The Great Chain of Being: A Study of the History of an Idea},
  author={Lovejoy, Arthur O},
  year={1964},
  address={Cambridge},
  publisher={Harvard University Press}
}

@book{ptolemy2005tetrabiblos,
  title={The Tetrabiblos},
  author={Ptolemy, Claudius},
  year={2005},
  howpublished={Internet Sacred Text Archive},
  month=mar,
  urldate={2007-04-10},
}

@book{Abrams2004mirror,
  title={镜与灯——浪漫主义文论及批评传统},
  author={艾布拉姆斯, M. H},
  translator={郦稚牛 and 张照进 and 童庆生},
  year={2004},
  address={北京},
  publisher={北京大学出版社}
}

@book{hu2001lishi,
  title={历史的星空——英国文艺复兴时期诗歌与西方宇宙},
  author={胡家峦},
  year={2001},
  address={北京},
  publisher={北京大学出版社}
}
